@article{hogan2020,
  author = {David Hogan and Ethan J. Smith},
  title = {A Study on Scientific Methods},
  journal = {Journal of Research},
  volume = {15},
  number = {3},
  pages = {123-135},
  year = {2020},
  doi = {10.1001/jres.2020.015}
}

@article{article2,
  author = {Lull, Timothy and {Timothy Lull}},
  title = {A Study on Scientific Methods},
  journal = {journal of research},
  volume = {15},
  number = {3},
  pages = {123-135},
  year = {2020},
  doi = {10.1001/jres.2020.015}
}

@article{article3,
  author = {{Josh Zhang} and {Mattador von de Homan}},
  title = {A Study on scientific methods},
  journal = {journal of research},
  volume = {15},
  number = {3},
  pages = {123-135},
  year = {2020},
  abstract = {I have a dream that one day I will do it},
  doi = {10.1001/jres.2020.015}
}

@book{smith2018,
  author = {Ethan Smith},
  title = {Advanced Research Techniques},
  publisher = {Science Press},
  year = {2018},
  isbn = {978-3-16-148410-0},
  edition = {2nd}
}

