@article{omiya2022analytical,
  title={Analytical energy gradient for state-averaged orbital-optimized variational quantum eigensolvers and its application to a photochemical reaction},
  author={Omiya, Keita and Nakagawa, Yuya O and Koh, Sho and Mizukami, Wataru and Gao, Qi and Kobayashi, Takao},
  journal={Journal of Chemical Theory and Computation},
  volume={18},
  number={2},
  pages={741--748},
  year={2022},
  publisher={ACS Publications},
  doi={10.1021/acs.jctc.1c00877}
}

@article{malmqvist1989casscf,
  title={The CASSCF state interaction method},
  author={Malmqvist, Per-{\AA}ke and Roos, Bj{\"o}rn O},
  journal={Chemical physics letters},
  volume={155},
  number={2},
  pages={189--194},
  year={1989},
  publisher={Elsevier},
  doi={10.1016/0009-2614(89)85347-3}
}

@article{li2023openmolcas,
  title={The OpenMolcas Web: A Community-Driven Approach to Advancing Computational Chemistry},
  author={Li Manni, Giovanni and Fdez. Galván, Ignacio and Alavi, Ali and Aleotti, Flavia and Aquilante, Francesco and Autschbach, Jochen and Avagliano, Davide and Baiardi, Alberto and Bao, Jie J and Battaglia, Stefano and others},
  journal={Journal of Chemical Theory and Computation},
  year={2023},
  publisher={ACS Publications},
  doi={10.1021/acs.jctc.3c00182}
}

@misc{saoovqe-old,
  author = {Yalouz, Saad and Koridon, Emiel and Senjean, Bruno},
  title = {State-Averaged Orbital-Optimized Variational Quantum Eigensolver with its extensions.},
  year = {2022},
  publisher = {GitLab},
  journal = {GitLab repository},
  url = {https://gitlab.com/qcfqc/saoovqe}
}

@article{yalouz2022analytical,
  title={Analytical nonadiabatic couplings and gradients within the state-averaged orbital-optimized variational quantum eigensolver},
  author={Yalouz, Saad and Koridon, Emiel and Senjean, Bruno and Lasorne, Benjamin and Buda, Francesco and Visscher, Lucas},
  journal={Journal of chemical theory and computation},
  volume={18},
  number={2},
  pages={776--794},
  year={2022},
  publisher={ACS Publications},
  doi={10.1021/acs.jctc.1c00995}
}

@article{yalouz2021state,
  title={A state-averaged orbital-optimized hybrid quantum--classical algorithm for a democratic description of ground and excited states},
  author={Yalouz, Saad and Senjean, Bruno and G{\"u}nther, Jakob and Buda, Francesco and O’Brien, Thomas E and Visscher, Lucas},
  journal={Quantum Science and Technology},
  volume={6},
  number={2},
  pages={024004},
  year={2021},
  publisher={IOP Publishing},
  doi={10.1088/2058-9565/abd334}
}

@article{takeshita2020increasing,
  title={Increasing the representation accuracy of quantum simulations of chemistry without extra quantum resources},
  author={Takeshita, Tyler and Rubin, Nicholas C and Jiang, Zhang and Lee, Eunseok and Babbush, Ryan and McClean, Jarrod R},
  journal={Physical Review X},
  volume={10},
  number={1},
  pages={011004},
  year={2020},
  publisher={APS},
  doi={10.1103/PhysRevX.10.011004}
}

@article{park2019analytical,
  title={Analytical gradient theory for quasidegenerate N-electron valence state perturbation theory (QD-NEVPT2)},
  author={Park, Jae Woo},
  journal={Journal of chemical theory and computation},
  volume={16},
  number={1},
  pages={326--339},
  year={2019},
  publisher={ACS Publications},
  doi={10.1021/acs.jctc.9b00919}
}

@article{granovsky2011extended,
  title={Extended multi-configuration quasi-degenerate perturbation theory: The new approach to multi-state multi-reference perturbation theory},
  author={Granovsky, Alexander A},
  journal={The Journal of chemical physics},
  volume={134},
  number={21},
  pages={214113},
  year={2011},
  publisher={American Institute of Physics},
  doi={10.1063/1.3596699}
}

@book{helgaker2013molecular,
  title={Molecular electronic-structure theory},
  author={Helgaker, Trygve and Jorgensen, Poul and Olsen, Jeppe},
  year={2013},
  publisher={John Wiley \& Sons},
  doi={10.1002/9781119019572}
}

@article{minezawa2019trajectory,
  title={Trajectory surface hopping molecular dynamics simulation by spin-flip time-dependent density functional theory},
  author={Minezawa, Noriyuki and Nakajima, Takahito},
  journal={The Journal of chemical physics},
  volume={150},
  number={20},
  pages={204120},
  year={2019},
  publisher={AIP Publishing LLC},
  doi={10.1063/1.5096217}
}

@article{bauer2020quantum,
  title={Quantum algorithms for quantum chemistry and quantum materials science},
  author={Bauer, Bela and Bravyi, Sergey and Motta, Mario and Chan, Garnet Kin-Lic},
  journal={Chemical Reviews},
  volume={120},
  number={22},
  pages={12685--12717},
  year={2020},
  publisher={ACS Publications},
  doi={10.1021/acs.chemrev.9b00829}
}

@article{mcardle2020quantum,
  title={Quantum computational chemistry},
  author={McArdle, Sam and Endo, Suguru and Aspuru-Guzik, Al{\'a}n and Benjamin, Simon C and Yuan, Xiao},
  journal={Reviews of Modern Physics},
  volume={92},
  number={1},
  pages={015003},
  year={2020},
  publisher={APS},
  doi={10.1103/RevModPhys.92.015003}
}

@article{reiher2017elucidating,
  title={Elucidating reaction mechanisms on quantum computers},
  author={Reiher, Markus and Wiebe, Nathan and Svore, Krysta M and Wecker, Dave and Troyer, Matthias},
  journal={Proceedings of the national academy of sciences},
  volume={114},
  number={29},
  pages={7555--7560},
  year={2017},
  publisher={National Acad Sciences},
  doi={10.1073/pnas.1619152114}
}

@article{Pearson:2017,
  	url = {http://adsabs.harvard.edu/abs/2017arXiv170304627P},
  	Archiveprefix = {arXiv},
  	Author = {{Pearson}, S. and {Price-Whelan}, A.~M. and {Johnston}, K.~V.},
  	Eprint = {1703.04627},
  	Journal = {ArXiv e-prints},
  	Keywords = {Astrophysics - Astrophysics of Galaxies},
  	Month = mar,
  	Title = {{Gaps in Globular Cluster Streams: Pal 5 and the Galactic Bar}},
  	Year = 2017,
  	doi={10.48550/arXiv.1703.04627}
}

@book{Binney:2008,
  	url = {http://adsabs.harvard.edu/abs/2008gady.book.....B},
  	Author = {{Binney}, J. and {Tremaine}, S.},
  	Booktitle = {Galactic Dynamics: Second Edition, by James Binney and Scott Tremaine.~ISBN 978-0-691-13026-2 (HB).~Published by Princeton University Press, Princeton, NJ USA, 2008.},
  	Publisher = {Princeton University Press},
  	Title = {{Galactic Dynamics: Second Edition}},
  	Year = 2008
}

@article{gaia,
    author = {{Gaia Collaboration}},
    title = "{The Gaia mission}",
    journal = {Astronomy and Astrophysics},
    archivePrefix = "arXiv",
    eprint = {1609.04153},
    primaryClass = "astro-ph.IM",
    keywords = {space vehicles: instruments, Galaxy: structure, astrometry, parallaxes, proper motions, telescopes},
    year = 2016,
    month = nov,
    volume = 595,
    doi = {10.1051/0004-6361/201629272},
    url = {http://adsabs.harvard.edu/abs/2016A%26A...595A...1G},
}

@article{astropy,
    author = {{Astropy Collaboration}},
    title = "{Astropy: A community Python package for astronomy}",
    journal = {Astronomy and Astrophysics},
    archivePrefix = "arXiv",
    eprint = {1307.6212},
    primaryClass = "astro-ph.IM",
    keywords = {methods: data analysis, methods: miscellaneous, virtual observatory tools},
    year = 2013,
    month = oct,
    volume = 558,
    doi = {10.1051/0004-6361/201322068},
    url = {http://adsabs.harvard.edu/abs/2013A%26A...558A..33A}
}

@misc{fidgit,
  author = {A. M. Smith and K. Thaney and M. Hahnel},
  title = {Fidgit: An ungodly union of GitHub and Figshare},
  year = {2020},
  publisher = {GitHub},
  journal = {GitHub repository},
  url = {https://github.com/arfon/fidgit}
}
