@article{Lacerda2020,
  doi = {10.21105/joss.02384},
  url = {https://doi.org/10.21105/joss.02384},
  year = {2020},
  publisher = {The Open Journal},
  volume = {5},
  number = {54},
  pages = {2384},
  author = {Wilson Rocha Lacerda Junior and Luan Pascoal Costa da Andrade and Samuel Carlos Pessoa Oliveira and Samir Angelo Milani Martins},
  title = {{SysIdentPy}: A {Python} package for System Identification using {NARMAX} models},
  journal = {Journal of Open Source Software}
}

@book{Lju1987,
  title={System Identification: Theory for the User},
  author={Ljung, Lennart},
  year={1999},
  edition={2nd},
  publisher={Prentice-Hall},
  address = {Englewood Cliffs, NJ},
  isbn = {0-13-656695-2}
}

@book{Bil2013,
  title     = {{Nonlinear system identification: {NARMAX} methods in the time, frequency, and spatio-temporal domains}},
  publisher = {John Wiley {\&} Sons},
  year      = {2013},
  author    = {Billings, S. A.},
  address   = {Chichester},
  pages     = {574},
  doi = {10.1002/9781118535561},
}

@article{Silva_2018,
doi = {10.1088/1361-6404/aae35c},
year = {2018},
month = {oct},
publisher = {IOP Publishing},
volume = {39},
number = {6},
pages = {065105},
author = {Pedro Henrique Oliveira Silva and Lucas Giovani Nardo and Samir Angelo Milani Martins and Erivelton Geraldo Nepomuceno and Matja≈æ Perc},
title = {Graphical interface as a teaching aid for nonlinear dynamical systems},
journal = {European Journal of Physics},
}


@inproceedings{Ostrovskii2020,
author={Ostrovskii, Valerii Y. and Nazare, Thalita E. and Martins, Samir A. M. and Nepomuceno, Erivelton G.},
booktitle={2020 IEEE Conference of Russian Young Researchers in Electrical and Electronic Engineering (EIConRus)},
title={Temperature as a Chaotic Circuit Bifurcation Parameter},
year={2020},
volume={},
number={},
pages={154-157},
doi={10.1109/EIConRus49466.2020.9038964}
}

@article{ayala2020r,
  title={An {R} library for nonlinear black-box system identification},
  author={Ayala, Helon Vicente Hultmann and Gritti, Marcos Cesar and dos Santos Coelho, Leandro},
  journal={SoftwareX},
  volume={11},
  pages={100495},
  year={2020},
  publisher={Elsevier},
  doi = {10.1016/j.softx.2020.100495},
}

@article{WMNL2019,
  title={Control of Hysteretic Systems Through an Analytical Inverse Compensation Based on a {NARX} Model},
  author={Lacerda Junior, Wilson R. and Martins, Samir A. M. and Nepomuceno, Erivelton G. and Lacerda, M{\'a}rcio J.},
  journal={IEEE Access},
  volume={7},
  pages={98228--98237},
  year={2019},
  publisher={IEEE},
  doi = {10.1109/access.2019.2926057},
}

@article{MA2016,
  title={Sufficient conditions for rate-independent hysteresis in autoregressive identified models},
  author={Martins, S. A. M. and Aguirre, L. A.},
  journal={Mechanical Systems and Signal Processing},
  volume={75},
  pages={607--617},
  year={2016},
  publisher={Elsevier},
  doi={10.1016/j.ymssp.2015.12.031}
}

@inproceedings{Yang2019,
author={Yang, Hongxia},
booktitle={2019 2nd International Conference on Safety Produce Informatization (IICSPI)},
title={Design and Implementation of Data Acquisition System Based on {Scrapy} Technology},
year={2019},
volume={},
number={},
pages={417-420},
doi={10.1109/IICSPI48186.2019.9096044}
}

@article{Koerner2020,
author={Koerner, Lucas J. and Caswell, Thomas A. and Allan, Daniel B. and Campbell, Stuart I.},
journal={IEEE Transactions on Instrumentation and Measurement},
title={A {Python} Instrument Control and Data Acquisition Suite for Reproducible Research},
year={2020},
volume={69},
number={4},
pages={1698-1707},
doi={10.1109/TIM.2019.2914711}
}

@article{scikit-learn,
 title={Scikit-learn: Machine Learning in {P}ython},
 author={Pedregosa, F. and Varoquaux, G. and Gramfort, A. and Michel, V.
         and Thirion, B. and Grisel, O. and Blondel, M. and Prettenhofer, P.
         and Weiss, R. and Dubourg, V. and Vanderplas, J. and Passos, A. and
         Cournapeau, D. and Brucher, M. and Perrot, M. and Duchesnay, E.},
 journal={Journal of Machine Learning Research},
 volume={12},
 pages={2825--2830},
 year={2011},
 doi={10.48550/arXiv.1201.0490}
}
