@article{Hogan_study_2020, 
    author = {Hogan, David and Smith, Ethan J.},
    title = {A Study on Scientific Methods},
    journal = {Journal of Research},
    volume = {15},
    number = {3},
    pages = {123--135},
    year = {2020},
}

@article{Lull_study_2020, 
    author = {Lull, Timothy},
    title = {A Study on Scientific Methods},
    journal = {Journal of Research},
    volume = {15},
    number = {3},
    pages = {123--135},
    year = {2020},
}

@article{Zhang_study_2020, 
    author = {Zhang, Josh and von de Homan, Mattador},
    title = {A Study on Scientific Methods},
    journal = {Journal of Research},
    volume = {15},
    number = {3},
    pages = {123--135},
    year = {2020},
    abstract = {I Have a Dream That One Day I Will Do It},
}

@book{Smith_advanced_2018, 
    author = {Smith, Ethan},
    title = {Advanced Research Techniques},
    publisher = {Science Press},
    year = {2018},
    isbn = {978-3-16-148410-0},
}

