% some comments here
@article{PhysRevLett.105.040504,
  title     = {
  Room-Temperature Implementation of the Deutsch-Jozsa Algorithm with a Single
  Electronic Spin in Diamond
  },
  author    = {
              Shi,
% some comments here
               Fazhan and Rong,
               Xing and Xu,
               Nanyang and Wang,
               Ya and Wu,
               Jie and Chong,
               Bo and Peng,
               Xinhua and Kniepert,
               Juliane and Schoenfeld,
               Rolf-Simon and Harneit,
               Wolfgang and Feng,
               Mang and Du,
               Jiangfeng},
  journal   = {Phys. {Rev}. Lett.},

  abstract = {... to 100 {\%}(concurrent intercalation)...},

  volume    = {105},
  issue     = {4},

  pages     = {040504},



  numpages  = {4},
  year      = {2010},
  month     = "Jul",
  publisher = {American Physical Society},
  doi       = {10.1103/PhysRevLett.105.040504},
  url       = {http://link.aps.org/doi/10.1103/PhysRevLett.105.040504}
}

