@article{10.1016j.jcp.2005.08.004,
  author = {Marianne M. Francois and Sharen J. Cummins and Edward D. Dendy and Douglas B. Kothe and James M. Sicilian and Matthew W. Williams},
  doi = {10.1016/j.jcp.2005.08.004},
  issue = {1},
  journal = {Journal of Computational Physics},
  language = {en},
  month = {3},
  pages = {141--173},
  publisher = {Elsevier BV},
  title = {A balanced-force algorithm for continuous and sharp interfacial surface tension models within a volume tracking framework},
  type = {article},
  url = {http://dx.doi.org/10.1016/j.jcp.2005.08.004},
  volume = {213},
  year = {2006},
}
