@article{bibtextest3,
    author = {Charles Louis Xavier Joseph de la Vallee Poussin and von Beethoven, Ludwig and Ford, Jr., Henry}
}
